@FOOTNOTE{Note0,key="Note0",note="For more details go to the appendix"}
@FOOTNOTE{Note1,key="Note1",note="For more details go to the appendix"}
@CONTROL{REVTEX42Control}
@CONTROL{apsrev42Control,author="08",editor="1",pages="0",title="0",year="1"}
