@article{Nakayama_2022,
   title={Bootstrapping microcanonical ensemble in classical system},
   volume={37},
   ISSN={1793-6632},
   url={http://dx.doi.org/10.1142/S0217732322500547},
   DOI={10.1142/s0217732322500547},
   number={09},
   journal={Modern Physics Letters A},
   publisher={World Scientific Pub Co Pte Ltd},
   author={Nakayama, Yu},
   year={2022},
   month=mar }

